<?xml version="1.0" encoding="UTF-8"?>
  <record xmlns="http://www.loc.gov/MARC21/slim" type="Authority">
    <leader>00000nz  a2200000oc 4500</leader>
    <controlfield tag="001">1139873008</controlfield>
    <controlfield tag="003">DE-101</controlfield>
    <controlfield tag="005">20170914173726.0</controlfield>
    <controlfield tag="008">170914n||aznnnaabn           | aaa    |c</controlfield>
    <datafield tag="024" ind1="7" ind2=" ">
      <subfield code="a">1139873008</subfield>
      <subfield code="0">http://d-nb.info/gnd/1139873008</subfield>
      <subfield code="2">gnd</subfield>
    </datafield>
    <datafield tag="035" ind1=" " ind2=" ">
      <subfield code="a">(DE-101)1139873008</subfield>
    </datafield>
    <datafield tag="035" ind1=" " ind2=" ">
      <subfield code="a">(DE-588)1139873008</subfield>
    </datafield>
    <datafield tag="040" ind1=" " ind2=" ">
      <subfield code="a">DE-17</subfield>
      <subfield code="c">DE-17</subfield>
      <subfield code="9">r:DE-17</subfield>
      <subfield code="b">ger</subfield>
      <subfield code="d">0017</subfield>
      <subfield code="e">rda</subfield>
    </datafield>
    <datafield tag="042" ind1=" " ind2=" ">
      <subfield code="a">gnd3</subfield>
    </datafield>
    <datafield tag="043" ind1=" " ind2=" ">
      <subfield code="c">XA-PT</subfield>
    </datafield>
    <datafield tag="075" ind1=" " ind2=" ">
      <subfield code="b">p</subfield>
      <subfield code="2">gndgen</subfield>
    </datafield>
    <datafield tag="075" ind1=" " ind2=" ">
      <subfield code="b">piz</subfield>
      <subfield code="2">gndspec</subfield>
    </datafield>
    <datafield tag="079" ind1=" " ind2=" ">
      <subfield code="a">g</subfield>
      <subfield code="q">f</subfield>
    </datafield>
    <datafield tag="100" ind1="0" ind2=" ">
      <subfield code="a">Maurícia Leonore</subfield>
      <subfield code="c">Portugal, Prinzessin</subfield>
      <subfield code="d">1609-1674</subfield>
    </datafield>
    <datafield tag="375" ind1=" " ind2=" ">
      <subfield code="a">2</subfield>
      <subfield code="2">iso5218</subfield>
    </datafield>
    <datafield tag="400" ind1="0" ind2=" ">
      <subfield code="a">Maurítia Leonore</subfield>
      <subfield code="c">Portugal, Prinzessin</subfield>
      <subfield code="d">1609-1674</subfield>
    </datafield>
    <datafield tag="400" ind1="0" ind2=" ">
      <subfield code="a">Maurícia Leonora</subfield>
      <subfield code="c">Portugal, Prinzessin</subfield>
      <subfield code="d">1609-1674</subfield>
    </datafield>
    <datafield tag="400" ind1="0" ind2=" ">
      <subfield code="a">Maurítia Leonora</subfield>
      <subfield code="c">Portugal, Prinzessin</subfield>
      <subfield code="d">1609-1674</subfield>
    </datafield>
    <datafield tag="400" ind1="0" ind2=" ">
      <subfield code="a">Maurícia Eleonora</subfield>
      <subfield code="c">Portugal, Prinzessin</subfield>
      <subfield code="d">1609-1674</subfield>
    </datafield>
    <datafield tag="400" ind1="0" ind2=" ">
      <subfield code="a">Maurítia Eleonora</subfield>
      <subfield code="c">Portugal, Prinzessin</subfield>
      <subfield code="d">1609-1674</subfield>
    </datafield>
    <datafield tag="400" ind1="0" ind2=" ">
      <subfield code="a">Maurícia Eleonore</subfield>
      <subfield code="c">Portugal, Prinzessin</subfield>
      <subfield code="d">1609-1674</subfield>
    </datafield>
    <datafield tag="400" ind1="0" ind2=" ">
      <subfield code="a">Maurítia Eleonore</subfield>
      <subfield code="c">Portugal, Prinzessin</subfield>
      <subfield code="d">1609-1674</subfield>
    </datafield>
    <datafield tag="400" ind1="0" ind2=" ">
      <subfield code="a">Eleonora Maurícia</subfield>
      <subfield code="c">Portugal, Prinzessin</subfield>
      <subfield code="d">1609-1674</subfield>
    </datafield>
    <datafield tag="400" ind1="0" ind2=" ">
      <subfield code="a">Eleonora Maurítia</subfield>
      <subfield code="c">Portugal, Prinzessin</subfield>
      <subfield code="d">1609-1674</subfield>
    </datafield>
    <datafield tag="400" ind1="0" ind2=" ">
      <subfield code="a">Leonora Maurícia</subfield>
      <subfield code="c">Portugal, Prinzessin</subfield>
      <subfield code="d">1609-1674</subfield>
    </datafield>
    <datafield tag="400" ind1="0" ind2=" ">
      <subfield code="a">Leonora Maurítia</subfield>
      <subfield code="c">Portugal, Prinzessin</subfield>
      <subfield code="d">1609-1674</subfield>
    </datafield>
    <datafield tag="400" ind1="1" ind2=" ">
      <subfield code="a">Portugal, Maurítia Eleonora</subfield>
      <subfield code="d">1609-1674</subfield>
      <subfield code="9">v:von</subfield>
    </datafield>
    <datafield tag="500" ind1="0" ind2=" ">
      <subfield code="0">(DE-101)1058994689</subfield>
      <subfield code="0">(DE-588)1058994689</subfield>
      <subfield code="0">https://d-nb.info/gnd/1058994689</subfield>
      <subfield code="a">Manuel</subfield>
      <subfield code="c">Portugal, Prinz</subfield>
      <subfield code="d">1568-1638</subfield>
      <subfield code="4">bezf</subfield>
      <subfield code="4">https://d-nb.info/standards/elementset/gnd#familialRelationship</subfield>
      <subfield code="w">r</subfield>
      <subfield code="i">Beziehung familiaer</subfield>
      <subfield code="e">Beziehung familiaer</subfield>
      <subfield code="9">v:Vater</subfield>
    </datafield>
    <datafield tag="500" ind1="1" ind2=" ">
      <subfield code="0">(DE-101)1139873237</subfield>
      <subfield code="0">(DE-588)1139873237</subfield>
      <subfield code="0">https://d-nb.info/gnd/1139873237</subfield>
      <subfield code="a">Oranje-Nassau, Emilia &#152;van&#156;</subfield>
      <subfield code="d">1569-1629</subfield>
      <subfield code="4">bezf</subfield>
      <subfield code="4">https://d-nb.info/standards/elementset/gnd#familialRelationship</subfield>
      <subfield code="w">r</subfield>
      <subfield code="i">Beziehung familiaer</subfield>
      <subfield code="e">Beziehung familiaer</subfield>
      <subfield code="9">v:Mutter</subfield>
    </datafield>
    <datafield tag="500" ind1="0" ind2=" ">
      <subfield code="0">(DE-101)1059085992</subfield>
      <subfield code="0">(DE-588)1059085992</subfield>
      <subfield code="0">https://d-nb.info/gnd/1059085992</subfield>
      <subfield code="a">Maria Belgica</subfield>
      <subfield code="c">Portugal, Prinzessin</subfield>
      <subfield code="d">1598-1647</subfield>
      <subfield code="4">bezf</subfield>
      <subfield code="4">https://d-nb.info/standards/elementset/gnd#familialRelationship</subfield>
      <subfield code="w">r</subfield>
      <subfield code="i">Beziehung familiaer</subfield>
      <subfield code="e">Beziehung familiaer</subfield>
      <subfield code="9">v:Schwester</subfield>
    </datafield>
    <datafield tag="500" ind1="0" ind2=" ">
      <subfield code="0">(DE-101)1139873962</subfield>
      <subfield code="0">(DE-588)1139873962</subfield>
      <subfield code="0">https://d-nb.info/gnd/1139873962</subfield>
      <subfield code="a">Emilia Louisa</subfield>
      <subfield code="c">Portugal, Prinzessin</subfield>
      <subfield code="d">1603-1670</subfield>
      <subfield code="4">bezf</subfield>
      <subfield code="4">https://d-nb.info/standards/elementset/gnd#familialRelationship</subfield>
      <subfield code="w">r</subfield>
      <subfield code="i">Beziehung familiaer</subfield>
      <subfield code="e">Beziehung familiaer</subfield>
      <subfield code="9">v:Schwester</subfield>
    </datafield>
    <datafield tag="500" ind1="0" ind2=" ">
      <subfield code="0">(DE-101)1139873695</subfield>
      <subfield code="0">(DE-588)1139873695</subfield>
      <subfield code="0">https://d-nb.info/gnd/1139873695</subfield>
      <subfield code="a">Ana Louisa Frísia</subfield>
      <subfield code="c">Portugal, Prinzessin</subfield>
      <subfield code="d">1605-1669</subfield>
      <subfield code="4">bezf</subfield>
      <subfield code="4">https://d-nb.info/standards/elementset/gnd#familialRelationship</subfield>
      <subfield code="w">r</subfield>
      <subfield code="i">Beziehung familiaer</subfield>
      <subfield code="e">Beziehung familiaer</subfield>
      <subfield code="9">v:Schwester</subfield>
    </datafield>
    <datafield tag="500" ind1="0" ind2=" ">
      <subfield code="0">(DE-101)1139874225</subfield>
      <subfield code="0">(DE-588)1139874225</subfield>
      <subfield code="0">https://d-nb.info/gnd/1139874225</subfield>
      <subfield code="a">Juliana Katherina</subfield>
      <subfield code="c">Portugal, Prinzessin</subfield>
      <subfield code="d">-1680</subfield>
      <subfield code="4">bezf</subfield>
      <subfield code="4">https://d-nb.info/standards/elementset/gnd#familialRelationship</subfield>
      <subfield code="w">r</subfield>
      <subfield code="i">Beziehung familiaer</subfield>
      <subfield code="e">Beziehung familiaer</subfield>
      <subfield code="9">v:Schwester</subfield>
    </datafield>
    <datafield tag="500" ind1="0" ind2=" ">
      <subfield code="0">(DE-101)1139874365</subfield>
      <subfield code="0">(DE-588)1139874365</subfield>
      <subfield code="0">https://d-nb.info/gnd/1139874365</subfield>
      <subfield code="a">Sabina Delphica</subfield>
      <subfield code="c">Portugal, Prinzessin</subfield>
      <subfield code="d">1612-1670</subfield>
      <subfield code="4">bezf</subfield>
      <subfield code="4">https://d-nb.info/standards/elementset/gnd#familialRelationship</subfield>
      <subfield code="w">r</subfield>
      <subfield code="i">Beziehung familiaer</subfield>
      <subfield code="e">Beziehung familiaer</subfield>
      <subfield code="9">v:Schwester</subfield>
    </datafield>
    <datafield tag="548" ind1=" " ind2=" ">
      <subfield code="a">1609-1674</subfield>
      <subfield code="4">datl</subfield>
      <subfield code="4">https://d-nb.info/standards/elementset/gnd#dateOfBirthAndDeath</subfield>
      <subfield code="w">r</subfield>
      <subfield code="i">Lebensdaten</subfield>
    </datafield>
    <datafield tag="548" ind1=" " ind2=" ">
      <subfield code="a">10.05.1609-25.06.1674</subfield>
      <subfield code="4">datx</subfield>
      <subfield code="4">https://d-nb.info/standards/elementset/gnd#dateOfBirthAndDeath</subfield>
      <subfield code="w">r</subfield>
      <subfield code="i">Exakte Lebensdaten</subfield>
    </datafield>
    <datafield tag="550" ind1=" " ind2=" ">
      <subfield code="0">(DE-101)041757246</subfield>
      <subfield code="0">(DE-588)4175724-5</subfield>
      <subfield code="0">https://d-nb.info/gnd/4175724-5</subfield>
      <subfield code="a">Prinzessin</subfield>
      <subfield code="4">berc</subfield>
      <subfield code="4">https://d-nb.info/standards/elementset/gnd#professionOrOccupation</subfield>
      <subfield code="w">r</subfield>
      <subfield code="i">Charakteristischer Beruf</subfield>
    </datafield>
    <datafield tag="551" ind1=" " ind2=" ">
      <subfield code="0">(DE-101)04240746X</subfield>
      <subfield code="0">(DE-588)4240746-1</subfield>
      <subfield code="0">https://d-nb.info/gnd/4240746-1</subfield>
      <subfield code="a">Bergen op Zoom</subfield>
      <subfield code="4">orts</subfield>
      <subfield code="4">https://d-nb.info/standards/elementset/gnd#placeOfDeath</subfield>
      <subfield code="w">r</subfield>
      <subfield code="i">Sterbeort</subfield>
    </datafield>
  </record>
